% This file was created with JabRef 2.10b2.
% Encoding: ISO8859_1


@Article{Adams2001,
  Title                    = {{D}iscontinuous {F}inite {E}lement {T}ransport {S}olutions in {T}hick {D}iffusive {P}roblems},
  Author                   = {Marvin L. Adams},
  Journal                  = {Nuclear Science and Engineering},
  Year                     = {2001},
  Pages                    = {298-333},
  Volume                   = {137},

  File                     = {Discontinuous Finite Element Transport Solutions in Thick Diffusive Problems.pdf:DG/Discontinuous Finite Element Transport Solutions in Thick Diffusive Problems.pdf:PDF},
  Keywords                 = {Dg},
  Owner                    = {bruno},
  Timestamp                = {2012.11.15}
}

@Article{Adams2002,
  Title                    = {{F}ast iterative methods for discrete-ordinates particle transport calculations},
  Author                   = {Marvin L. Adams and Edward W. Larsen},
  Journal                  = {Progress in Nuclear Energy},
  Year                     = {2002},
  Pages                    = {3-159},
  Volume                   = {40},

  Keywords                 = {Acceleration, DSA},
  Owner                    = {bruno},
  Timestamp                = {2012.09.14}
}

@Article{Adams1993,
  Title                    = {{D}iffusion-synthetic acceleration given anisotropic scattering, general quadratures, and multidimensions},
  Author                   = {Marvin L. Adams and Todd A. Wareing},
  Journal                  = {Conference: American Nuclear Society(ANS) annual meeting, San Diego},
  Year                     = {1993},

  Month                    = {June},
  Volume                   = {68},

  Keywords                 = {Acceleration, DSA},
  Owner                    = {bruno},
  Timestamp                = {2012.09.14}
}

@Conference{Adams2013,
  Title                    = {{P}rovably {O}ptimal {P}arallel {T}ransport {S}weeps on {R}egular {G}rids},
  Author                   = {Michael P. Adams and Marvin L. Adams and W. Daryl Hawkins and Timmie Smith and Lawrence Rauchwerger and Nancy M. Amato and Teresa S. Bailey and Robert D. Falgout},
  Booktitle                = {International Conference On Mathematics and Computational Methods Applied to Nuclear Science\& Engineering},
  Year                     = {2013},

  Address                  = {Sun Valley, Idaho, USA},
  Month                    = {May 5-9},

  Keywords                 = {Sweep},
  Owner                    = {bruno},
  Timestamp                = {2014.09.19}
}

@Article{Arnold2000,
  Title                    = {{L}ocally {A}dapted {T}etrahedral {M}eshes {U}sing {B}isection},
  Author                   = {Douglas N. Arnold and Arup Mukherjee and Luc Pouly},
  Journal                  = {Journal of Computational Physics},
  Year                     = {2000},
  Number                   = {2},
  Pages                    = {421-448},
  Volume                   = {22},

  Keywords                 = {Amr},
  Owner                    = {bruno},
  Timestamp                = {2012.11.20}
}

@Article{Axelsson1991,
  Title                    = {{A} {B}lack-{B}ox {G}eneralized {C}onjugate {G}radients {S}olver with {I}nner {I}terations and {V}ariable-{S}tep {P}reconditioning},
  Author                   = {O. Axelsson and P.S. Vassilevshi},
  Journal                  = {SIAM Journal on Matrix Analysis on Applications},
  Year                     = {1991},
  Pages                    = {625-644},
  Volume                   = {12},

  Keywords                 = {Krylov-solver},
  Owner                    = {bruno},
  Timestamp                = {2012.10.31}
}

@PhdThesis{Bailey2008,
  Title                    = {{T}he piecewise linear discontinuous finite element method applied to the {RZ} and {XYZ} transport equations},
  Author                   = {Teresa S. Bailey},
  School                   = {Texas A\&M University},
  Year                     = {2008},

  Keywords                 = {Dg, Spatial-Discretization},
  Owner                    = {bruno},
  Timestamp                = {2012.11.15}
}

@Article{Bailey2008a,
  Title                    = {{A} piecewise linear finite elements discretization of the diffusion equation for arbitrary polyhedral grids},
  Author                   = {Teresa S. Bailey and Marvin L. Adams and Brian Yang and Michael R. Zika},
  Journal                  = {Journal of Computational Physics},
  Year                     = {2008},
  Pages                    = {3738-3757},
  Volume                   = {227},

  Keywords                 = {Dg, Spatial-Discretization},
  Owner                    = {bruno},
  Timestamp                = {2012.11.15}
}

@Article{Bailey2011,
  Title                    = {{A} {P}iecewise {B}i-{L}inear {F}inie {E}lement {S}patial {D}iscretization of the {S}n {T}ransport {E}quation},
  Author                   = {Teresa S. Bailey and James S. Warsa and Jae H. Chang and Marvin L. Adams},
  Journal                  = {International Conference on Mathematics and Compuational Methods Applied to Nuclear Science and Engineering},
  Year                     = {2011},

  Month                    = {May 8-12},
  Note                     = {Rio de Janeiro, Brazil},

  Keywords                 = {Spatial-Discretization,Dg},
  Owner                    = {bruno},
  Timestamp                = {2012.11.19}
}

@Article{Baker1998,
  Title                    = {{A}n {S}n algorithm for the massively parallel {CM}-200 computer},
  Author                   = {R.S. Baker and K.R. Koch},
  Journal                  = {Nuclear Science and Engineering},
  Year                     = {1998},
  Pages                    = {312-320},
  Volume                   = {128},

  Keywords                 = {Sweep},
  Owner                    = {bruno},
  Timestamp                = {2012.11.07}
}

@Article{Baker2002,
  Title                    = {{A} {B}lock {A}daptive {M}esh {R}efinement {A}lgorithm for the {N}eutral {P}article {T}ransport {E}quation},
  Author                   = {Randal S. Baker},
  Journal                  = {Nuclear Science and Engineering},
  Year                     = {2002},

  Month                    = {May},
  Number                   = {1},
  Pages                    = {1-12},
  Volume                   = {141},

  Keywords                 = {Amr},
  Owner                    = {bruno},
  Timestamp                = {2012.11.16}
}

@Article{Bangerth2007,
  Title                    = {deall.{II}-{A} {G}eneral-{P}urpose {O}bject-{O}riented {F}inite {E}lement {L}ibrary},
  Author                   = {W. Bangerth and R. Hartmann and G. Kanschat},
  Journal                  = {ACM Transactions on Mathematical Software},
  Year                     = {2007},
  Number                   = {4},
  Volume                   = {33},

  File                     = {deall_II-A General-Purpose Object-Oriented Finite Element Library.pdf:DG/deall_II-A General-Purpose Object-Oriented Finite Element Library.pdf:PDF},
  Keywords                 = {Amr},
  Owner                    = {bruno},
  Timestamp                = {2012.11.20}
}

@Article{Blaheta2002,
  Title                    = {{GPCG}-{G}eneralized {P}reconditioned {CG} {M}ethod and {I}ts {U}se with {N}on-{L}inear and {N}on-{S}ymmetric {D}isplacement {D}ecomposition {P}reconditioners},
  Author                   = {R. Blaheta},
  Journal                  = {Numerical Linear Algebra with Applications},
  Year                     = {2002},
  Pages                    = {527-550},
  Volume                   = {9},

  Keywords                 = {Krylov-solver},
  Owner                    = {bruno},
  Timestamp                = {2012.10.31}
}

@Article{Brelaz1979,
  Title                    = {New Methods to Color the Vertices of a Graph},
  Author                   = {Daniel Br{\'e}laz},
  Journal                  = {Communication of the ACM},
  Year                     = {1979},

  Month                    = {April},
  Number                   = {4},
  Pages                    = {251-256},
  Volume                   = {22},

  Keywords                 = {graph coloring, scheduling},
  Owner                    = {bruno},
  Timestamp                = {2013.11.20}
}

@Article{Brezzi2005,
  Title                    = {{A} {F}amily of {M}imetic {F}inite {D}ifference {M}ethods on {P}olygonal and {P}olyhedral {M}eshes},
  Author                   = {Franco Brezzi and Konstantin Lipnikov and Valeria Simoncini},
  Journal                  = {Mathematical Models and Methods in Applied Sciences},
  Year                     = {2005},
  Number                   = {10},
  Pages                    = {1533-1551},
  Volume                   = {15},

  File                     = {A Family of Mimetic Finite Difference Methods on Polygonal and Polyhedral Meshes.pdf:FD/A Family of Mimetic Finite Difference Methods on Polygonal and Polyhedral Meshes.pdf:PDF},
  Keywords                 = {MFD, Spatial-Discretization},
  Owner                    = {bruno},
  Timestamp                = {2012.11.19}
}

@Article{Deasy1997,
  Title                    = {{M}ultiple local minima in radiotherapy optimization problems with dose-volume constraints},
  Author                   = {J. O. Deasy},
  Journal                  = {American Association of Physicists in Medicine},
  Year                     = {1997},

  Month                    = {July},
  Pages                    = {1157-1161},
  Volume                   = {24},

  Keywords                 = {Optimization, Radiotherapy},
  Owner                    = {bruno},
  Timestamp                = {2012.09.14}
}

@Article{Eisestat1983,
  Title                    = {{E}fficient {I}mplementation of a {C}lass of {P}reconditioned {C}onjugate {G}radient {M}ethods},
  Author                   = {Stanley C. Eisestat},
  Journal                  = {SIAM Journal on Scientific and Statistical Computing},
  Year                     = {1983},
  Number                   = {1},
  Pages                    = {1-4},
  Volume                   = {2},

  File                     = {Efficient Implementation of a Class of Preconditioned Conjugate Gradient Methods .pdf:Krylov/Efficient Implementation of a Class of Preconditioned Conjugate Gradient Methods .pdf:PDF},
  Keywords                 = {Krylov-solver, Acceleration},
  Owner                    = {bruno},
  Timestamp                = {2012.10.31}
}

@Article{Evans2010,
  Title                    = {{A} {T}ransport {A}cceleration {S}cheme for {M}ultigroup {D}iscrete {O}rdinates with {U}pscattering},
  Author                   = {Thomas M. Evans and Kevin T. Clarno and Jim E. Morel},
  Journal                  = {Nuclear Science and Engineering},
  Year                     = {2010},
  Pages                    = {292-304},
  Volume                   = {165},

  Keywords                 = {Acceleration},
  Owner                    = {bruno},
  Timestamp                = {2012.11.07}
}

@Article{Gifford2006,
  Title                    = {{C}omparison of a finite-element multigroup discrete-ordinates code with {M}onte-{C}arlo for radiotherapy calculations},
  Author                   = {Kent A. Gifford and John L. Horton Jr. and Todd A. Wareing and Gregory Failla and Firas Mourtada},
  Journal                  = {Physics in Medicine and Biology},
  Year                     = {2006},
  Volume                   = {51},

  File                     = {Comparison of a finite-element multigroup discrete-ordinates code with Monte-Carlo for radiotherapy calculations.pdf:electron/Comparison of a finite-element multigroup discrete-ordinates code with Monte-Carlo for radiotherapy calculations.pdf:PDF},
  Keywords                 = {Radiotherapy, Electron, Charged-Particle},
  Owner                    = {bruno},
  Timestamp                = {2012.09.14}
}

@Article{Golub1997,
  Title                    = {{I}nexact {P}reconditioned {C}onjugate {G}radient {M}ethod with {I}nner-{O}uter {I}terations},
  Author                   = {G.H. Golub and Q. Ye},
  Journal                  = {SIAM Journal of Scientific Computing},
  Year                     = {1997},
  Pages                    = {1305-1320},
  Volume                   = {21},

  Keywords                 = {Krylov-solver},
  Owner                    = {bruno},
  Timestamp                = {2012.10.31}
}

@Article{Honrubia1986,
  Title                    = {{F}inite {E}lement method for charged-particle calculations},
  Author                   = {J.J. Honrubia and J.M. Aragones},
  Journal                  = {Nuclear Science and Engineering},
  Year                     = {1986},
  Pages                    = {386-402},
  Volume                   = {93},

  Keywords                 = {Electron, Charged-Particle},
  Owner                    = {bruno},
  Timestamp                = {2012.09.14}
}

@Article{Hou2002,
  Title                    = {{A}n optimization algorithm for intensity modulated radiotherapy - {T}he simulated dynamics with dose-volume constraints},
  Author                   = {Qin Hou and Jun Wang and Yan Chen and James M. Gavin},
  Journal                  = {American Association of Physicists in Medicine},
  Year                     = {2002},

  Month                    = {December},
  Pages                    = {61-68},
  Volume                   = {30},

  Keywords                 = {Optimization, Radiotherapy},
  Owner                    = {bruno},
  Timestamp                = {2012.10.09}
}

@Article{Hyman2002,
  Title                    = {{M}imetic finite difference methods for diffusion equations},
  Author                   = {J. Hyman and J. Morel and M. Shashkov and S. Steinberg},
  Journal                  = {Computational Geosciences},
  Year                     = {2002},
  Pages                    = {333-352},
  Volume                   = {6},

  File                     = {Mimetic finite difference methods for diffusion equations on non-orthogoal non-conformal meshes.pdf:FD/Mimetic finite difference methods for diffusion equations on non-orthogoal non-conformal meshes.pdf:PDF;Mimetic finite difference methods for diffusion equations.pdf:FD/Mimetic finite difference methods for diffusion equations.pdf:PDF},
  Keywords                 = {Spatial-Discretization, Mfd},
  Owner                    = {bruno},
  Timestamp                = {2012.11.19}
}

@Article{Jacques2011,
  Title                    = {{R}eal-time dose computation: {GPU}-accelerated source modeling and superposition/convolution},
  Author                   = {Robert Jacques and JohnWong and Russel Taylor and Todd McNutt},
  Journal                  = {Medical Physics},
  Year                     = {2011},
  Pages                    = {294-305},
  Volume                   = {38},

  Keywords                 = {Radiotherapy},
  Owner                    = {bruno},
  Timestamp                = {2012.10.31}
}

@Article{Jessee1998,
  Title                    = {{A}n {A}daptive {M}esh {R}efinement {A}lgorithm for the {R}adiative {T}ransport {E}quation},
  Author                   = {J. Patrick Jessee and Woodrow A. Fiveland and Louis H. Powell and Phillip Colella and Richard B. Pember},
  Journal                  = {Journal of Computational Physics},
  Year                     = {1998},
  Pages                    = {380-398},
  Volume                   = {139},

  File                     = {An Adaptive Mesh Refinement Algorithm for the Radiative Transport Equation.pdf:AMR/An Adaptive Mesh Refinement Algorithm for the Radiative Transport Equation.pdf:PDF},
  Keywords                 = {Radiative_transfer, Amr},
  Owner                    = {bruno},
  Timestamp                = {2012.11.16}
}

@Book{Kanschat2007,
  Title                    = {{D}iscontinuous {G}alerkin {M}ethods for {V}iscous {I}ncompressible {F}low},
  Author                   = {Guido Kanschat},
  Publisher                = {Springer},
  Year                     = {2007},

  Keywords                 = {Dg},
  Owner                    = {bruno},
  Timestamp                = {2012.11.20}
}

@Article{Khattab1991,
  Title                    = {{S}ynthetic {A}cceleration {M}ethods for {L}inear {T}ransport {P}roblems with {H}ighly {A}nisotropic {S}cattering},
  Author                   = {Kassem M. Khattab and Edward W. Larsen},
  Journal                  = {Nuclear Science and Engineering},
  Year                     = {1991},
  Pages                    = {217-227},
  Volume                   = {107},

  Keywords                 = {DSA, Acceleration},
  Owner                    = {bruno},
  Timestamp                = {2012.09.14}
}

@Article{Krieger2005,
  Title                    = {{M}onte-{C}arlo- versus pencil-beam-/collapsed-cone-dose calculation in a heterogeneous multi-layer phantom},
  Author                   = {Thomas Krieger and Otto A. Sauer},
  Journal                  = {Physics in Medicine and Biology},
  Year                     = {2005},
  Volume                   = {50},

  Keywords                 = {Pencil-Beam},
  Owner                    = {bruno},
  Timestamp                = {2012.09.14}
}

@Article{Kuznetsov2004,
  Title                    = {{T}he mimetic finite difference method on polygonal meshes for diffusion-type problems},
  Author                   = {Y. Kuznetsov and K. Lipnikov and M. Shashkov},
  Journal                  = {Computational Geosciences},
  Year                     = {2004},
  Pages                    = {301-324},
  Volume                   = {8},

  Keywords                 = {Spatial-Discretization, MFD},
  Owner                    = {bruno},
  Timestamp                = {2012.11.19}
}

@Article{Larsen1999,
  Title                    = {{T}he {L}inear {B}oltzmann {E}quation in {O}ptically {T}hick {S}ystems with {F}orward-{P}eaked {S}cattering},
  Author                   = {Edward W. Larsen},
  Journal                  = {Progress in Nuclear Energy},
  Year                     = {1999},
  Volume                   = {34},

  Keywords                 = {Electron, Forward-Peaked},
  Owner                    = {bruno},
  Timestamp                = {2012.09.14}
}

@Article{Lathrop1965,
  Title                    = {{A}nisotropic {S}cattering {A}pproximations in the {M}onoenergetic {B}oltzmann {E}quation},
  Author                   = {K.D. Lathrop},
  Journal                  = {Nuclear Science and Engineering},
  Year                     = {1965},
  Pages                    = {498-508},
  Volume                   = {21},

  Keywords                 = {Transport-Correction},
  Owner                    = {bruno},
  Timestamp                = {2012.11.07}
}

@Article{Lazo1986,
  Title                    = {{A} {L}inear {D}iscontinuous {G}alerkin {A}pproximation for the {C}ontinuous {S}lowing {D}own {O}perator},
  Author                   = {Maximo S. Lazo and J.E. Morel},
  Journal                  = {Nuclear Science and Engineering},
  Year                     = {1986},
  Pages                    = {98-106},
  Volume                   = {92},

  Keywords                 = {Boltzmann-Fokker-Planck, Electron, Charged-Particle},
  Owner                    = {bruno},
  Timestamp                = {2012.11.07}
}

@Article{Lipnikov2004,
  Title                    = {{M}imetic finite difference methods for diffusion equations on non-orthogonal non-conformal meshes},
  Author                   = {Konstantin Lipnikov and Jim Morel and Mikhail Shashkov},
  Journal                  = {Journal of Computational Physics},
  Year                     = {2004},
  Pages                    = {589-597},
  Volume                   = {199},

  Keywords                 = {Spatial-Discretization, MFD},
  Owner                    = {bruno},
  Timestamp                = {2012.11.19}
}

@Article{Liscum-Powell2002,
  Title                    = {{F}inite {E}lement {S}olution of the {S}elf-{A}djoint {A}ngular {F}lux {E}quation for {C}oupled {E}lectron-{P}hoton {T}ransport},
  Author                   = {Jennifer L. Liscum-Powell and Anil K. Prinja and Jim E. Morel and Leonard J. Lorence,Jr.},
  Journal                  = {Nuclear Science and Engineering},
  Year                     = {2002},
  Pages                    = {270-291},
  Volume                   = {142},

  File                     = {Finite Element Solution of the Self-Adjoint Angular Flux Equation for Coupled Electron-Photon Transport.pdf:electron/Finite Element Solution of the Self-Adjoint Angular Flux Equation for Coupled Electron-Photon Transport.pdf:PDF},
  Keywords                 = {Electron},
  Owner                    = {bruno},
  Timestamp                = {2012.09.14}
}

@Article{Marzi2001,
  Title                    = {{O}ptimization of intensity modulated radiation therapy: assessing the complexity of the problem},
  Author                   = {Simona Marzi and Maurizio Mattia and Paolo Del Giudice and Barbara Caccia and Marcello Benassi},
  Journal                  = {Annali dell'Istituto Superiori di Sanita},
  Year                     = {2001},
  Pages                    = {225-230},
  Volume                   = {37},

  File                     = {Optimization of intensity modulated radiation therapy\: assessing the complexity of the problem.pdf:radiotherapy/Optimization of intensity modulated radiation therapy\: assessing the complexity of the problem.pdf:PDF},
  Keywords                 = {Optimization, Radiotherapy},
  Owner                    = {bruno},
  Timestamp                = {2012.10.09}
}

@Article{Mo2014,
  Title                    = {{A} new parallel algorithm for vertex priorities of data flow acyclic digraphs},
  Author                   = {Zeyao Mo and Aiqing Zhang and Zhang Yang},
  Journal                  = {Journal of Supercomputing},
  Year                     = {2014},

  Month                    = {April},
  Number                   = {1},
  Pages                    = {49-64},
  Volume                   = {68},

  Keywords                 = {Sweep},
  Owner                    = {bruno},
  Timestamp                = {2014.10.02}
}

@Article{Morel1985,
  Title                    = {{A}n {I}mproved {F}okker-{P}lanck {D}ifferencing {S}cheme},
  Author                   = {J.E. Morel},
  Journal                  = {Nuclear Science and Engineering},
  Year                     = {1985},
  Volume                   = {89},

  Keywords                 = {Fokker-Planck, Electron},
  Owner                    = {bruno},
  Timestamp                = {2012.09.14}
}

@Article{Morel1985a,
  Title                    = {{M}ultigroup {L}egendre {C}oefficients for the {D}iamond {D}ifference {C}ontinuous {S}lowing {D}own {O}perator},
  Author                   = {J.E. Morel},
  Journal                  = {Nuclear Science and Engineering},
  Year                     = {1985},
  Pages                    = {324-331},
  Volume                   = {91},

  Keywords                 = {Boltzmann-Fokker-Planck, Electron, Charged-Particle},
  Owner                    = {bruno},
  Timestamp                = {2012.10.31}
}

@Article{Morel1981,
  Title                    = {{F}okker-{P}lanck {C}alculations {U}sing {S}tandard {D}iscrete {O}rdinates {T}ransport {C}odes},
  Author                   = {J.E. Morel},
  Journal                  = {Nuclear Science and Engineering},
  Year                     = {1981},
  Volume                   = {79},

  File                     = {Fokker-Planck Calculations Using Standard Discrete Ordinates Transport Codes.pdf:electron/Fokker-Planck Calculations Using Standard Discrete Ordinates Transport Codes.pdf:PDF},
  Keywords                 = {Electron, Fokker-Planck},
  Owner                    = {bruno},
  Timestamp                = {2012.09.14}
}

@Article{Morel1991,
  Title                    = {{A}n {A}ngular {M}ultigroup {A}cceleration {T}echnique for {S}n {E}quations with {H}ighly {F}orward-{P}eaked {S}cattering},
  Author                   = {J.E. Morel and T.A. Manteuffel},
  Journal                  = {Nuclear Science and Engineering},
  Year                     = {1991},
  Pages                    = {330-342},
  Volume                   = {107},

  Keywords                 = {Acceleration, Forward-Peaked,Multigrid},
  Owner                    = {bruno},
  Timestamp                = {2012.10.31}
}

@Article{Morel2007,
  Title                    = {{A} {D}iscretization {S}cheme for the {T}hree-{D}imensional {A}ngular {F}okker-{P}lanck {O}perator},
  Author                   = {J.E. Morel and A. Prinja and J.M. McGhee and T.A. Wareing},
  Journal                  = {Nuclear Science and Engineering},
  Year                     = {2007},
  Volume                   = {156},

  File                     = {morel. a discretization scheme for the three-dimensional angular fokker-planck operator.pdf:BFP/morel. a discretization scheme for the three-dimensional angular fokker-planck operator.pdf:PDF},
  Keywords                 = {Electron, Fokker-Planck},
  Owner                    = {bruno},
  Timestamp                = {2012.09.14}
}

@Article{Morel1996,
  Title                    = {{A} {H}ybrid {M}ultigroup/{C}ontinuous-{E}nergy {M}onte-{C}arlo {M}ethod for {S}olving the {B}oltzmann-{F}okker-{P}lanck {E}quation},
  Author                   = {J.E. Morel and D.P. Sloan},
  Journal                  = {Nuclear Science and Engineering},
  Year                     = {1996},
  Volume                   = {124},

  Keywords                 = {Monte-Carlo, Boltzmann-Fokker-Planck},
  Owner                    = {bruno},
  Timestamp                = {2012.09.14}
}

@Article{Morel1989,
  Title                    = {{A} {H}ybrid {C}ollocation-{G}alerkin-{S}n {M}ethod for {S}olving the {B}oltzmann {T}ransport {E}quation},
  Author                   = {J. E. Morel},
  Journal                  = {Nuclear Science and Engineering},
  Year                     = {1989},
  Volume                   = {101},

  File                     = {A Hybrid Collocation-Galerkin-Sn Method for Solving the Boltzmann Transport Equation.pdf:angular/A Hybrid Collocation-Galerkin-Sn Method for Solving the Boltzmann Transport Equation.pdf:PDF},
  Keywords                 = {Electron,Galerkin},
  Owner                    = {bruno},
  Timestamp                = {2012.09.14}
}

@Article{Morel1979,
  Title                    = {{O}n the {V}alidity of the {E}xtended {T}ransport {C}ross-{S}ection {C}orrection for {L}ow-{E}nergy {E}lectron {T}ransport},
  Author                   = {J. E. Morel},
  Journal                  = {Nuclear Science and Engineering},
  Year                     = {1979},
  Pages                    = {64-71},
  Volume                   = {71},

  File                     = {On the Validity of the Extended Transport Cross-Section Correction for Low-Energy Electron Transport.pdf:transport correction/On the Validity of the Extended Transport Cross-Section Correction for Low-Energy Electron Transport.pdf:PDF},
  Keywords                 = {Electron, Transport-Correction},
  Owner                    = {bruno},
  Timestamp                = {2012.09.14}
}

@Article{Napov2012,
  Title                    = {{A}n {A}lgebraic {M}ultigrid {M}ethod with {G}uaranteed {C}onvergence {R}ate},
  Author                   = {Artem Napov and Yvan Notay},
  Journal                  = {SIAM Journal of Scientific Computing},
  Year                     = {2012},
  Pages                    = {1079-1109},
  Volume                   = {34},

  Keywords                 = {Multigrid},
  Owner                    = {bruno},
  Timestamp                = {2012.10.31}
}

@TechReport{Notay2011,
  Title                    = {{U}ser's {G}uide to {AGMG}},
  Author                   = {Yvan Notay},
  Institution              = {Universite Libre de Bruxelles},
  Year                     = {2011},

  Keywords                 = {Multigrid},
  Owner                    = {bruno},
  Timestamp                = {2012.10.31}
}

@Article{Notay2010,
  Title                    = {{A}n {A}ggregation-{B}ased {A}lgebraic {M}ultigrid {M}et},
  Author                   = {Yvan Notay},
  Journal                  = {Electronic Transactions on Numerical Analysis},
  Year                     = {2010},
  Pages                    = {123-146},
  Volume                   = {37},

  Keywords                 = {Multigrid},
  Owner                    = {bruno},
  Timestamp                = {2012.10.31}
}

@Article{Notay2000,
  Title                    = {{F}lexible {C}onjugate {G}radients},
  Author                   = {Yvan Notay},
  Journal                  = {SIAM Journal of Scientific Computing},
  Year                     = {2000},
  Pages                    = {1444-1460},
  Volume                   = {22},

  Keywords                 = {Krylov-solver},
  Owner                    = {bruno},
  Timestamp                = {2012.10.31}
}

@Article{Notay2008,
  Title                    = {{R}ecursive {K}rylov-based {M}ultigrid {C}ycles},
  Author                   = {Yvan Notay and Panayot S. Vassilevski},
  Journal                  = {Numerical Linear Algebra with Applications},
  Year                     = {2008},
  Pages                    = {473-487},
  Volume                   = {15},

  File                     = {Recursive Krylov-based Multigrid cycles.pdf:Multigrid/Recursive Krylov-based Multigrid cycles.pdf:PDF},
  Keywords                 = {Multigrid},
  Owner                    = {bruno},
  Timestamp                = {2012.10.31}
}

@Article{Palmer2001,
  Title                    = {{D}iscretizing the diffusion equation on unstructured polygonal meshes in two dimensions},
  Author                   = {T. S. Palmer},
  Journal                  = {Annals of Nuclear Energy},
  Year                     = {2001},
  Pages                    = {1851-1880},
  Volume                   = {28},

  Keywords                 = {Dg, Spatial-Discretization},
  Owner                    = {bruno},
  Timestamp                = {2012.11.16}
}

@Article{Pautz1999,
  Title                    = {{A}n {A}ngular {M}ultigrid {A}cceleration {M}ethod for {S}n {E}quations with {H}ighly {F}orward-{P}eaked {S}cattering},
  Author                   = {S.D Pautz and J.E. Morel and M.L. Adams},
  Journal                  = {Proceedings of International Conference on Mathematics and Computations, Reactor Physics, and Environmental Analysis in Nuclear Applications, Madrid,Spain},
  Year                     = {1999},
  Pages                    = {103-113},
  Volume                   = {1},

  Keywords                 = {Acceleration, Forward-Peaked, Multigrid},
  Owner                    = {bruno},
  Timestamp                = {2012.10.31}
}

@TechReport{Plantenga2009,
  Title                    = {{HOPSPACK} 2.0 {U}ser {M}anual},
  Author                   = {Todd D. Plantenga},
  Institution              = {Sandia National Laboratories, Albuquerque, NM and Livermore, CA},
  Year                     = {2009},
  Month                    = {October},
  Number                   = {SAND2009-6265},

  Keywords                 = {Optimization},
  Owner                    = {bruno},
  Timestamp                = {2012.09.14}
}

@Article{Ragusa2010,
  Title                    = {{A} {T}wo-{M}esh {R}efinement {T}echnique for {S}n {N}eutral-{P}article {T}ransport using a {H}igh-{O}rder {DGFEM}},
  Author                   = {Jean C. Ragusa and Yaqi Wang},
  Journal                  = {Journal of Computational and Applied Mathematics},
  Year                     = {2010},

  Month                    = {April},
  Number                   = {12},
  Pages                    = {3178-3188},
  Volume                   = {233},

  Keywords                 = {DG, AMR},
  Owner                    = {bruno},
  Timestamp                = {2012.10.09}
}

@Misc{Sakata2011,
  Title                    = {{C}omputer {P}rograms},

  Author                   = {Shinichi Sakata},
  HowPublished             = {\url{http://faculty.arts.ubc.ca/ssakata/public_html/software/}},
  Note                     = {Online; accessed 4-February-2011},

  Keywords                 = {Optimization},
  Owner                    = {bruno},
  Timestamp                = {2012.09.14}
}

@Article{Seco2005,
  Title                    = {{H}ead-and-neck {IMRT} treatments assessed with a {M}onte-{C}arlo dose calculation engine},
  Author                   = {J. Seco and E. Adams and M. Bidmead and M. Partridge and F. Verhaegen},
  Journal                  = {Physics in Medicine and Biology},
  Year                     = {2005},
  Volume                   = {50},

  Keywords                 = {Monte-Carlo, Radiotherapy},
  Owner                    = {bruno},
  Timestamp                = {2012.09.14}
}

@Article{Shepard1999,
  Title                    = {{O}ptimizing the {D}elivery of {R}adiation {T}herapy to {C}ancer {P}atients},
  Author                   = {David M. Shepard and Michael C. Ferris and Gustavo H. Olvera and T. Rockwell Mackvie},
  Journal                  = {SIAM Review},
  Year                     = {1999},
  Pages                    = {721-744},
  Volume                   = {41},

  File                     = {Optimizing the Delivery of Radiation Therapy to Cancer Patients.pdf:radiotherapy/Optimizing the Delivery of Radiation Therapy to Cancer Patients.pdf:PDF},
  Keywords                 = {Optimization, Radiotherapy},
  Owner                    = {bruno},
  Timestamp                = {2012.10.09}
}

@Article{Solin2008,
  Title                    = {{A}rbitrary-level hanging nodes and automatic adaptivity in the hp-{FEM}},
  Author                   = {Pavel Solin and Jakub Cerveny and Ivo Dolezel},
  Journal                  = {Mathematics and Computers in Simulation},
  Year                     = {2008},
  Pages                    = {117-132},
  Volume                   = {77},

  File                     = {Arbitrary-level hanging nodes and automatic adaptivity in the hp-FEM.pdf:AMR/Arbitrary-level hanging nodes and automatic adaptivity in the hp-FEM.pdf:PDF},
  Keywords                 = {Amr},
  Owner                    = {bruno},
  Timestamp                = {2012.11.20}
}

@Article{Stone2003,
  Title                    = {{A} piecewise linear finite element basis with application to particle transport},
  Author                   = {Hiromi G. Stone and Marvin L. Adams},
  Journal                  = {Nuclear Mathematical and Computational Sciences : A Century in Review, A Century Anew, Gatlinburg, Tennessee},
  Year                     = {2003},

  Month                    = {April},

  File                     = {A piecewise linear finite element basis with application to particle transport.pdf:DG/A piecewise linear finite element basis with application to particle transport.pdf:PDF},
  Keywords                 = {Dg, Spatial-Discretization},
  Owner                    = {bruno},
  Timestamp                = {2012.11.15}
}

@Book{Strongin2000,
  Title                    = {{G}lobal {O}ptimization with {N}on-{C}onvex {C}onstraints},
  Author                   = {Roman G. Strongin and Yaroslav D. Sergeyev},
  Editor                   = {Springer},
  Publisher                = {Kluwer Academic Publishers},
  Year                     = {2000},

  Keywords                 = {Optimization},
  Owner                    = {bruno},
  Timestamp                = {2012.10.09}
}

@Article{Vassiliev2010,
  Title                    = {{V}alidation of a new grid-based {B}oltzmann equation solver for dose calculation in radiotherapy with photo beams},
  Author                   = {Oleg N. Vassiliev and Todd A. Wareing and John McGhee and Gregory Failla and Mohammad R. Salehpour and Firas Mourtada},
  Journal                  = {Physics in Medicine and Biology},
  Year                     = {2010},
  Volume                   = {55},

  Keywords                 = {Radiotherapy, Electron},
  Owner                    = {bruno},
  Timestamp                = {2012.09.14}
}

@Article{Voloschenko1999,
  Title                    = {{E}xperience in the {U}se of the {C}onsistent {P}1 {S}ynthetic {A}cceleration {S}cheme for {S}n {T}ransport {E}quation in 2{D} {G}eometry},
  Author                   = {Andrei M. Voloschenko},
  Journal                  = {Proceedings of International Conference on Mathematics and Computations, Reactor Physics, and Environmental Analysis in Nuclear Applications, Madrid,Spain},
  Year                     = {1999},

  Month                    = {September},
  Pages                    = {104-113},
  Volume                   = {1},

  Keywords                 = {Acceleration, P1SA},
  Owner                    = {bruno},
  Timestamp                = {2012.09.14}
}

@Book{Wachspress1975,
  Title                    = {{A} {R}ationale {F}inite {E}lement {B}asis},
  Author                   = {Wachspress},
  Editor                   = {Wachspress},
  Publisher                = {New York : Academic Press},
  Year                     = {1975},

  Keywords                 = {Spatial-Discretization, Dg},
  Owner                    = {bruno},
  Timestamp                = {2012.11.20}
}

@Misc{Wagner2011,
  Title                    = {{R}ick {W}agner},

  Author                   = {Rick Wagner},
  HowPublished             = {\url{http://www-personal.umich.edu/~wagnerr/PythonAnneal.html}},
  Note                     = {Online; accessed 4-February-2011},

  Keywords                 = {Optimization},
  Owner                    = {bruno},
  Timestamp                = {2012.09.14}
}

@PhdThesis{Wang2009,
  Title                    = {{A}daptive {M}esh {R}efinement {S}olution {T}echnique for the {M}ultigroup {S}n {T}ransport {E}quation using a {H}igh-{O}rder {D}iscontinuous {F}inite {E}lement {M}ethod},
  Author                   = {Yaqi Wang},
  School                   = {Texas A\&M University},
  Year                     = {2009},

  File                     = {Adaptive Mesh Refinement Solution Technique for the Multigroup Sn Transport Equation using a High-Order Discontinuous Finite Element Method.pdf:AMR/Adaptive Mesh Refinement Solution Technique for the Multigroup Sn Transport Equation using a High-Order Discontinuous Finite Element Method.pdf:PDF},
  Keywords                 = {Amr, Acceleration, Dsa, P1sa, Dg},
  Owner                    = {bruno},
  Timestamp                = {2012.11.07}
}

@Article{Wang2010,
  Title                    = {{D}iffusion {S}ynthetic {A}cceleration for {H}igh-{O}rder {D}iscontinuous {F}inite {E}lement {S}n {T}ransport {S}chemes and {A}pplications to {L}ocally {R}efined {U}nstructured {M}eshes},
  Author                   = {Y. Wang and J.C. Ragusa},
  Journal                  = {Nuclear Science and Engineering},
  Year                     = {2010},
  Pages                    = {145-166},
  Volume                   = {166},

  Keywords                 = {Acceleration, Dsa},
  Owner                    = {bruno},
  Timestamp                = {2012.10.31}
}

@Article{Wang2010a,
  Title                    = {{S}tandard and {G}oal-{O}riented {A}daptive {M}esh {R}efinement applied to {R}adiation {T}ransport on 2{D} {U}nstructured {T}riangular {M}eshes},
  Author                   = {Yaqi Wang and Jean C. Ragusa},
  Journal                  = {Journal of Computational Physics},
  Year                     = {2010},

  Month                    = {October},
  Pages                    = {763-788},
  Volume                   = {230},

  File                     = {Standard and Goal-Oriented Adaptive Mesh Refinement Applied to Radiation Transport on 2D Unstructured Triangular Meshes.pdf:AMR/Standard and Goal-Oriented Adaptive Mesh Refinement Applied to Radiation Transport on 2D Unstructured Triangular Meshes.pdf:PDF},
  Keywords                 = {Amr},
  Owner                    = {bruno},
  Timestamp                = {2012.11.16}
}

@Article{Wareing2001,
  Title                    = {{D}iscontinuous {F}inite {E}lement {S}n {M}ethods on {T}hree-{D}imensional {U}nstructured {G}rids},
  Author                   = {Todd A. Wareing and John M. McGhee and Jim E. Morel and Shawn D. Pautz},
  Journal                  = {Nuclear Science and Engineering},
  Year                     = {2001},

  Month                    = {July},
  Number                   = {3},
  Pages                    = {256-268},
  Volume                   = {138},

  File                     = {Discontinuous Finite Element SN Methods on Three-Dimensional Unstructured Grids.pdf:DG/Discontinuous Finite Element SN Methods on Three-Dimensional Unstructured Grids.pdf:PDF},
  Keywords                 = {Spatial-Discretization},
  Owner                    = {bruno},
  Timestamp                = {2012.10.31}
}

@Article{Warsa2008,
  Title                    = {{A} {C}ontinuous {F}inite {E}lement-{B}ased, {D}iscontinuous {F}inite {E}lement {M}ethod for {S}n {T}ransport},
  Author                   = {James S. Warsa},
  Journal                  = {Nuclear Science and Engineering},
  Year                     = {2008},
  Pages                    = {385-400},
  Volume                   = {160},

  File                     = {A Continuous Finite Element-Based, Discontinuous Finite Element Method for Sn Transport.pdf:DG/A Continuous Finite Element-Based, Discontinuous Finite Element Method for Sn Transport.pdf:PDF},
  Keywords                 = {Spatial-Discretization, DG},
  Owner                    = {bruno},
  Timestamp                = {2012.09.14}
}

@Misc{cepxs,
  Title                    = {{CEPXS}/{ONELD} 1.0 manual user},
  Note                     = {RSICC Computer Code Collection},

  Keywords                 = {Electron, Boltzmann-Fokker-Planck},
  Owner                    = {bruno},
  Timestamp                = {2012.11.07}
}

@Misc{scipy,
  Title                    = {{M}odule {S}ci{P}y.optimize.anneal},
  Note                     = {Online; accessed 4-February-2011},

  Keywords                 = {Misc},
  Owner                    = {bruno},
  Timestamp                = {2012.09.14},
  Url                      = {http://www.scipy.org/doc/api_docs/Scipy.optimize.anneal.html}
}

@Misc{cgal,
  Title                    = {{CGAL} {C}omputational {G}eometry {A}lgorithms {L}ibrary},
  Year                     = {2012},

  Keywords                 = {Mesh},
  Owner                    = {bruno},
  Timestamp                = {2012.11.16},
  Url                      = {http://www.cgal.org}
}

@Misc{mstk,
  Title                    = {{MSTK}/{M}esh{T}ools},
  Year                     = {2012},

  Keywords                 = {Mesh},
  Owner                    = {bruno},
  Timestamp                = {2012.11.16},
  Url                      = {https://software.lanl.gov/MeshTools/trac}
}

@comment{jabref-meta: selector_publisher:}

@comment{jabref-meta: fileDirectory-bruno:/home/bruno/Documents/Docs;}

@comment{jabref-meta: selector_author:}

@comment{jabref-meta: selector_journal:}

@comment{jabref-meta: selector_keywords:}

@comment{jabref-meta: groupsversion:3;}

@comment{jabref-meta: groupstree:
0 AllEntriesGroup:;
1 ExplicitGroup:Automatically created groups\;2\;;
2 KeywordGroup:Acceleration\;0\;keywords\;Acceleration\;0\;0\;;
2 KeywordGroup:Amr\;0\;keywords\;Amr\;0\;0\;;
2 KeywordGroup:Boltzmann-fokker-planck\;0\;keywords\;Boltzmann-fokker-
planck\;0\;0\;;
2 KeywordGroup:Charged-particle\;0\;keywords\;Charged-particle\;0\;0\;
;
2 KeywordGroup:Dg\;0\;keywords\;Dg\;0\;0\;;
2 KeywordGroup:Dsa\;0\;keywords\;Dsa\;0\;0\;;
2 KeywordGroup:Electron\;0\;keywords\;Electron\;0\;0\;;
2 KeywordGroup:Fokker-planck\;0\;keywords\;Fokker-planck\;0\;0\;;
2 KeywordGroup:Forward-peaked\;0\;keywords\;Forward-peaked\;0\;0\;;
2 KeywordGroup:Galerkin\;0\;keywords\;Galerkin\;0\;0\;;
2 KeywordGroup:Krylov-solver\;0\;keywords\;Krylov-solver\;0\;0\;;
2 KeywordGroup:Mesh\;0\;keywords\;Mesh\;0\;0\;;
2 KeywordGroup:Mfd\;0\;keywords\;Mfd\;0\;0\;;
2 KeywordGroup:Misc\;0\;keywords\;Misc\;0\;0\;;
2 KeywordGroup:Monte-carlo\;0\;keywords\;Monte-carlo\;0\;0\;;
2 KeywordGroup:Multigrid\;0\;keywords\;Multigrid\;0\;0\;;
2 KeywordGroup:Optimization\;0\;keywords\;Optimization\;0\;0\;;
2 KeywordGroup:P1sa\;0\;keywords\;P1sa\;0\;0\;;
2 KeywordGroup:Pencil-beam\;0\;keywords\;Pencil-beam\;0\;0\;;
2 KeywordGroup:Radiative_transfer\;0\;keywords\;Radiative_transfer\;0\
;0\;;
2 KeywordGroup:Radiotherapy\;0\;keywords\;Radiotherapy\;0\;0\;;
2 KeywordGroup:Spatial-discretization\;0\;keywords\;Spatial-discretiza
tion\;0\;0\;;
2 KeywordGroup:Sweep\;0\;keywords\;Sweep\;0\;0\;;
2 KeywordGroup:Transport-correction\;0\;keywords\;Transport-correction
\;0\;0\;;
}

